<?xml version="1.0" encoding="UTF-8"?><collection xmlns="http://www.loc.gov/MARC21/slim"><record><leader>00570nam--2200181-i-4500</leader><controlfield tag="001">000040317</controlfield><controlfield tag="002">20161230</controlfield><controlfield tag="005">20161230201042</controlfield><controlfield tag="008">060222s1000------------r-----000-0-eng-d</controlfield><datafield ind1=" " ind2=" " tag="041"><subfield code="a">IFIN-HH</subfield></datafield><datafield ind1=" " ind2=" " tag="080"><subfield code="a">538.94(075.4)</subfield></datafield><datafield ind1="1" ind2=" " tag="100"><subfield code="a">Ruvalds, J</subfield></datafield><datafield ind1=" " ind2=" " tag="245"><subfield code="a">Quantum liquids</subfield><subfield code="b">Lectures presented at the International School of Low Temperature Physics, Erice, Italy, June 11-25, 1977</subfield><subfield code="c">J. Ruvalds, T. Regge (Eds.)</subfield></datafield><datafield ind1=" " ind2=" " tag="260"><subfield code="a">Amstedam, North-holland Publ.Co., 1978,</subfield></datafield><datafield ind1=" " ind2=" " tag="300"><subfield code="a">IX + 328P</subfield></datafield><datafield ind1="1" ind2=" " tag="700"><subfield code="a">Regee, T</subfield></datafield><datafield ind1=" " ind2=" " tag="852"><subfield code="a">45942</subfield><subfield code="c">532</subfield></datafield><datafield ind1=" " ind2=" " tag="CAT"><subfield code="a">Sys</subfield><subfield code="c">20100721</subfield><subfield code="h">131657</subfield></datafield></record></collection>